@article{quicksand,
  title={Modeling on quicksand: dealing with the scarcity of ground truth in interdomain routing data},
  author={Gill, Phillipa and Schapira, Michael and Goldberg, Sharon},
  journal={ACM SIGCOMM Computer Communication Review},
  volume={42},
  number={1},
  pages={40--46},
  year={2012},
  publisher={ACM}
}