@article{gao,
  title={On inferring autonomous system relationships in the Internet},
  author={Gao, Lixin},
  journal={IEEE/ACM Transactions on networking},
  volume={9},
  number={6},
  pages={733--745},
  year={2001},
  publisher={IEEE}
}

@article{quicksand,
  title={Modeling on quicksand: dealing with the scarcity of ground truth in interdomain routing data},
  author={Gill, Phillipa and Schapira, Michael and Goldberg, Sharon},
  journal={ACM SIGCOMM Computer Communication Review},
  volume={42},
  number={1},
  pages={40--46},
  year={2012},
  publisher={ACM}
}

@inproceedings{CAIDApaper,
  title={AS relationships, customer cones, and validation},
  author={Luckie, Matthew and Huffaker, Bradley and Dhamdhere, Amogh and Giotsas, Vasileios and others},
  booktitle={Proceedings of the 2013 conference on Internet measurement conference},
  pages={243--256},
  year={2013},
  organization={ACM}
}

@inproceedings{throats,
  title={Few throats to choke: On the current structure of the internet},
  author={Acharya, HB and Chakravarty, Sambuddho and Gosain, Devashish},
  booktitle={Local Computer Networks (LCN), 2017 IEEE 42nd Conference on},
  pages={339--346},
  year={2017},
  organization={IEEE}
}

@inproceedings{decoy,
  title={The Devil's in The Details: Placing Decoy Routers in the Internet},
  author={Gosain, Devashish and Agarwal, Anshika and Chakravarty, Sambuddho and Acharya, HB},
  booktitle={Proceedings of the 33rd Annual Computer Security Applications Conference},
  pages={577--589},
  year={2017},
  organization={ACM}
}

@inproceedings{chinafiltering,
  title={Internet censorship in China: Where does the filtering occur?},
  author={Xu, Xueyang and Mao, Z Morley and Halderman, J Alex},
  booktitle={International Conference on Passive and Active Network Measurement},
  pages={133--142},
  year={2011},
  organization={Springer}
}

@misc{CAIDA,
	title = {CAIDA AS Relationships},
	howpublished = {http://data.caida.org/datasets/as-relationships/}
}